<?xml version="1.0" encoding="UTF-8"?><collection xmlns="http://www.loc.gov/MARC21/slim"><record><leader>00539nam--2200157-i-4500</leader><controlfield tag="001">000014347</controlfield><controlfield tag="002">20161230</controlfield><controlfield tag="005">20170115221553</controlfield><controlfield tag="008">060222s1000------------r-----000-0-eng-d</controlfield><datafield ind1=" " ind2=" " tag="080"><subfield code="a">621.382(043)</subfield></datafield><datafield ind1=" " ind2=" " tag="100"><subfield code="a">Champion, Jacques</subfield></datafield><datafield ind1=" " ind2=" " tag="245"><subfield code="a">Etude technologique de jonctions en avalanche et en direct passant dopees a l or: application a la conception d un diode zener compensee en temperature sour irradiation</subfield><subfield code="b">these</subfield></datafield><datafield ind1=" " ind2=" " tag="260"><subfield code="a">Orsay</subfield><subfield code="b">Universite De Paris-sud</subfield><subfield code="c">1981</subfield></datafield><datafield ind1=" " ind2=" " tag="300"><subfield code="a">193 p</subfield></datafield><datafield ind1=" " ind2=" " tag="852"><subfield code="a">70595</subfield></datafield><datafield ind1=" " ind2=" " tag="CAT"><subfield code="a">SYS</subfield><subfield code="c">20170115</subfield><subfield code="h">221553</subfield></datafield></record></collection>